<?xml version="1.0" ?>
<bibRecords>
  <bibRecord><bib><owningInstitutionId>NYPL</owningInstitutionId><owningInstitutionBibId>.b158886495</owningInstitutionBibId><content><collection xmlns="http://www.loc.gov/MARC21/slim"><record><controlfield tag="001">37892328</controlfield><controlfield tag="003">OCoLC</controlfield><controlfield tag="005">20040301080147.2</controlfield><controlfield tag="008">971105c19979999nyuwn pe      0   a0eng d</controlfield><datafield ind1=" " ind2=" " tag="022"><subfield code="a">1046-8595</subfield></datafield><datafield ind1=" " ind2=" " tag="037"><subfield code="b">445 Broad Hollow Road, Melville, NY, 11747</subfield></datafield><datafield ind1=" " ind2=" " tag="040"><subfield code="a">WQR</subfield><subfield code="c">WQR</subfield><subfield code="d">OCL</subfield><subfield code="d">OCLCQ</subfield><subfield code="d">NYP</subfield><subfield code="d">OCoLC</subfield></datafield><datafield ind1=" " ind2=" " tag="049"><subfield code="a">NYPS</subfield></datafield><datafield ind1="0" ind2=" " tag="130"><subfield code="a">Printing news (1997)</subfield></datafield><datafield ind1="1" ind2="0" tag="245"><subfield code="a">Printing news.</subfield></datafield><datafield ind1="3" ind2="0" tag="246"><subfield code="a">PrintingNews</subfield></datafield><datafield ind1=" " ind2=" " tag="260"><subfield code="a">Melville, NY :</subfield><subfield code="b">Cygnus Pub.,</subfield><subfield code="c">1997-</subfield></datafield><datafield ind1="1" ind2="0" tag="299"><subfield code="a">Printing news.</subfield></datafield><datafield ind1="1" ind2="0" tag="299"><subfield code="a">PrintingNews</subfield></datafield><datafield ind1=" " ind2=" " tag="300"><subfield code="a">v. :</subfield><subfield code="b">ill. ;</subfield><subfield code="c">38 cm.</subfield></datafield><datafield ind1=" " ind2=" " tag="310"><subfield code="a">Quarterly</subfield><subfield code="b">2011-</subfield></datafield><datafield ind1=" " ind2=" " tag="321"><subfield code="a">Weekly (except last week in Dec.)</subfield><subfield code="b">-June 2010.</subfield></datafield><datafield ind1="0" ind2=" " tag="362"><subfield code="a">Vol. 139, no 14 (Oct. 6, 1997)-</subfield></datafield><datafield ind1=" " ind2=" " tag="515"><subfield code="a">v. 157, no. 9 skipped .</subfield></datafield><datafield ind1=" " ind2="0" tag="650"><subfield code="a">Printing</subfield><subfield code="v">Periodicals.</subfield></datafield><datafield ind1="0" ind2="0" tag="780"><subfield code="t">PrintingNews. East</subfield><subfield code="w">(OCoLC)20548677</subfield></datafield><datafield ind1=" " ind2=" " tag="907"><subfield code="a">.b158886495</subfield><subfield code="c">s</subfield><subfield code="d">a</subfield><subfield code="e">-</subfield><subfield code="f">eng</subfield><subfield code="g">nyu</subfield><subfield code="h">0</subfield><subfield code="i">28</subfield></datafield><datafield ind1=" " ind2=" " tag="952"><subfield code="h">JBN 96-10</subfield></datafield><datafield ind1=" " ind2=" " tag="035"><subfield code="a">(OCoLC)37892328</subfield></datafield><leader>05077cas a2200973Ia 4500</leader></record></collection></content></bib><holdings><holding><owningInstitutionHoldingsId>.c10089226</owningInstitutionHoldingsId><content><collection xmlns="http://www.loc.gov/MARC21/slim"><record><datafield ind1=" " ind2="8" tag="852"><subfield code="b">rc2sl</subfield><subfield code="h">JBN 96-10</subfield></datafield><datafield ind1=" " ind2=" " tag="866"><subfield code="a">148(2002)-157:12(2006),157:14(2006)-157:19(2006),157:21(2006)-157:26(2006);Jan.1(2007)-Feb. 19(2007), June 4(2007)-June 28(2010),Mar.(2011)-Sept.(2011).</subfield></datafield></record></collection></content><items><content><collection xmlns="http://www.loc.gov/MARC21/slim"><record><datafield ind1=" " ind2=" " tag="876"><subfield code="p">33433024165361</subfield><subfield code="h">In Library Use</subfield><subfield code="a">.i109407039</subfield><subfield code="j">Available</subfield><subfield code="t">1</subfield><subfield code="3">v. 1 (1998) pt. a-c</subfield></datafield><datafield ind1=" " ind2=" " tag="900"><subfield code="a">Shared</subfield><subfield code="b">NA</subfield></datafield></record><record><datafield ind1=" " ind2=" " tag="876"><subfield code="p">33433024165411</subfield><subfield code="h">In Library Use</subfield><subfield code="a">.i109407088</subfield><subfield code="j">Available</subfield><subfield code="t">1</subfield><subfield code="3">v. 1 (1999) pt. a-e</subfield></datafield><datafield ind1=" " ind2=" " tag="900"><subfield code="a">Shared</subfield><subfield code="b">NA</subfield></datafield></record><record><datafield ind1=" " ind2=" " tag="876"><subfield code="p">33433024165452</subfield><subfield code="h">In Library Use</subfield><subfield code="a">.i10940712x</subfield><subfield code="j">Not Available</subfield><subfield code="t">1</subfield><subfield code="3">v. 1 (2000) pt. a-c</subfield></datafield><datafield ind1=" " ind2=" " tag="900"><subfield code="a">Shared</subfield><subfield code="b">NA</subfield></datafield></record><record><datafield ind1=" " ind2=" " tag="876"><subfield code="p">33433024165379</subfield><subfield code="h">In Library Use</subfield><subfield code="a">.i109407040</subfield><subfield code="j">Available</subfield><subfield code="t">1</subfield><subfield code="3">v. 2 (1998) pt. d-h</subfield></datafield><datafield ind1=" " ind2=" " tag="900"><subfield code="a">Shared</subfield><subfield code="b">NA</subfield></datafield></record><record><datafield ind1=" " ind2=" " tag="876"><subfield code="p">33433024165429</subfield><subfield code="h">In Library Use</subfield><subfield code="a">.i10940709x</subfield><subfield code="j">Available</subfield><subfield code="t">1</subfield><subfield code="3">v. 2 (1999) pt. f-l</subfield></datafield><datafield ind1=" " ind2=" " tag="900"><subfield code="a">Shared</subfield><subfield code="b">NA</subfield></datafield></record><record><datafield ind1=" " ind2=" " tag="876"><subfield code="p">33433024165437</subfield><subfield code="h">In Library Use</subfield><subfield code="a">.i109407106</subfield><subfield code="j">Available</subfield><subfield code="t">1</subfield><subfield code="3">v. 3 (1999) pt. m-sa)</subfield></datafield><datafield ind1=" " ind2=" " tag="900"><subfield code="a">Shared</subfield><subfield code="b">NA</subfield></datafield></record><record><datafield ind1=" " ind2=" " tag="876"><subfield code="p">33433024165478</subfield><subfield code="h">In Library Use</subfield><subfield code="a">.i109407143</subfield><subfield code="j">Available</subfield><subfield code="t">1</subfield><subfield code="3">v. 3 (2000) pt. i-m</subfield></datafield><datafield ind1=" " ind2=" " tag="900"><subfield code="a">Shared</subfield><subfield code="b">NA</subfield></datafield></record><record><datafield ind1=" " ind2=" " tag="876"><subfield code="p">33433024165395</subfield><subfield code="h">In Library Use</subfield><subfield code="a">.i109407076</subfield><subfield code="j">Available</subfield><subfield code="t">1</subfield><subfield code="3">v. 4 (1998) pt. o-s</subfield></datafield><datafield ind1=" " ind2=" " tag="900"><subfield code="a">Shared</subfield><subfield code="b">NA</subfield></datafield></record><record><datafield ind1=" " ind2=" " tag="876"><subfield code="p">33433024165445</subfield><subfield code="h">In Library Use</subfield><subfield code="a">.i109407118</subfield><subfield code="j">Available</subfield><subfield code="t">1</subfield><subfield code="3">v. 4 (1999) pt. sb-z</subfield></datafield><datafield ind1=" " ind2=" " tag="900"><subfield code="a">Shared</subfield><subfield code="b">NA</subfield></datafield></record><record><datafield ind1=" " ind2=" " tag="876"><subfield code="p">33433024165486</subfield><subfield code="h">In Library Use</subfield><subfield code="a">.i109407155</subfield><subfield code="j">Available</subfield><subfield code="t">1</subfield><subfield code="3">v. 4 (2000) pt. n-si</subfield></datafield><datafield ind1=" " ind2=" " tag="900"><subfield code="a">Shared</subfield><subfield code="b">NA</subfield></datafield></record><record><datafield ind1=" " ind2=" " tag="876"><subfield code="p">33433031959103</subfield><subfield code="h">In Library Use</subfield><subfield code="a">.i146722048</subfield><subfield code="j">Available</subfield><subfield code="t">1</subfield><subfield code="3">v. 148 (Jan-Mar 2002)</subfield></datafield><datafield ind1=" " ind2=" " tag="900"><subfield code="a">Shared</subfield><subfield code="b">NA</subfield></datafield></record><record><datafield ind1=" " ind2=" " tag="876"><subfield code="p">33433088387802</subfield><subfield code="h">In Library Use</subfield><subfield code="a">.i279160227</subfield><subfield code="j">Available</subfield><subfield code="t">1</subfield><subfield code="3">Oct 5 - Dec 21 2009</subfield></datafield><datafield ind1=" " ind2=" " tag="900"><subfield code="a">Shared</subfield><subfield code="b">NA</subfield></datafield></record><record><datafield ind1=" " ind2=" " tag="876"><subfield code="p">33433082887476</subfield><subfield code="h">In Library Use</subfield><subfield code="a">.i176116862</subfield><subfield code="j">Available</subfield><subfield code="t">1</subfield><subfield code="3">v. 158, no. 1-8 (Jan. 1-Feb. 19, 2007)</subfield></datafield><datafield ind1=" " ind2=" " tag="900"><subfield code="a">Shared</subfield><subfield code="b">NA</subfield></datafield></record><record><datafield ind1=" " ind2=" " tag="876"><subfield code="p">33433073491965</subfield><subfield code="h">In Library Use</subfield><subfield code="a">.i171889629</subfield><subfield code="j">Available</subfield><subfield code="t">1</subfield><subfield code="3">v. 154, no. 1-25 (Jan. 03-June 27, 2005)</subfield></datafield><datafield ind1=" " ind2=" " tag="900"><subfield code="a">Shared</subfield><subfield code="b">NA</subfield></datafield></record><record><datafield ind1=" " ind2=" " tag="876"><subfield code="p">33433073491981</subfield><subfield code="h">In Library Use</subfield><subfield code="a">.i171889642</subfield><subfield code="j">Available</subfield><subfield code="t">1</subfield><subfield code="3">v. 156, no. 1-25 (Jan. 2-June 26, 2006)</subfield></datafield><datafield ind1=" " ind2=" " tag="900"><subfield code="a">Shared</subfield><subfield code="b">NA</subfield></datafield></record><record><datafield ind1=" " ind2=" " tag="876"><subfield code="p">33433073491999</subfield><subfield code="h">In Library Use</subfield><subfield code="a">.i171889654</subfield><subfield code="j">Available</subfield><subfield code="t">1</subfield><subfield code="3">v. 157, no. 1-12, 14-19, 21-26 (July 3-Nov. 6, Nov. 20-Dec. 18, 2006)</subfield></datafield><datafield ind1=" " ind2=" " tag="900"><subfield code="a">Shared</subfield><subfield code="b">NA</subfield></datafield></record><record><datafield ind1=" " ind2=" " tag="876"><subfield code="p">33433082887484</subfield><subfield code="h">In Library Use</subfield><subfield code="a">.i176116874</subfield><subfield code="j">Available</subfield><subfield code="t">1</subfield><subfield code="3">v. 158 (June 4-Dec. 24, 2007)</subfield></datafield><datafield ind1=" " ind2=" " tag="900"><subfield code="a">Shared</subfield><subfield code="b">NA</subfield></datafield></record><record><datafield ind1=" " ind2=" " tag="876"><subfield code="p">33433031959160</subfield><subfield code="h">In Library Use</subfield><subfield code="a">.i146722103</subfield><subfield code="j">Available</subfield><subfield code="t">1</subfield><subfield code="3">v. 151 (Sept-Dec 2003)</subfield></datafield><datafield ind1=" " ind2=" " tag="900"><subfield code="a">Shared</subfield><subfield code="b">NA</subfield></datafield></record><record><datafield ind1=" " ind2=" " tag="876"><subfield code="p">33433031959111</subfield><subfield code="h">In Library Use</subfield><subfield code="a">.i14672205x</subfield><subfield code="j">Available</subfield><subfield code="t">1</subfield><subfield code="3">v. 148 (Apr-June 2002)</subfield></datafield><datafield ind1=" " ind2=" " tag="900"><subfield code="a">Shared</subfield><subfield code="b">NA</subfield></datafield></record><record><datafield ind1=" " ind2=" " tag="876"><subfield code="p">33433031959137</subfield><subfield code="h">In Library Use</subfield><subfield code="a">.i146722073</subfield><subfield code="j">Available</subfield><subfield code="t">1</subfield><subfield code="3">v. 149 (July-Sept 2002)</subfield></datafield><datafield ind1=" " ind2=" " tag="900"><subfield code="a">Shared</subfield><subfield code="b">NA</subfield></datafield></record><record><datafield ind1=" " ind2=" " tag="876"><subfield code="p">33433031959129</subfield><subfield code="h">In Library Use</subfield><subfield code="a">.i146722061</subfield><subfield code="j">Available</subfield><subfield code="t">1</subfield><subfield code="3">v. 149 (Oct-Dec 2002)</subfield></datafield><datafield ind1=" " ind2=" " tag="900"><subfield code="a">Shared</subfield><subfield code="b">NA</subfield></datafield></record><record><datafield ind1=" " ind2=" " tag="876"><subfield code="p">33433031959145</subfield><subfield code="h">In Library Use</subfield><subfield code="a">.i146722085</subfield><subfield code="j">Available</subfield><subfield code="t">1</subfield><subfield code="3">v. 150 (Jan-Apr 2003)</subfield></datafield><datafield ind1=" " ind2=" " tag="900"><subfield code="a">Shared</subfield><subfield code="b">NA</subfield></datafield></record><record><datafield ind1=" " ind2=" " tag="876"><subfield code="p">33433031959152</subfield><subfield code="h">In Library Use</subfield><subfield code="a">.i146722097</subfield><subfield code="j">Available</subfield><subfield code="t">1</subfield><subfield code="3">v. 150-151 (May-Aug 2003)</subfield></datafield><datafield ind1=" " ind2=" " tag="900"><subfield code="a">Shared</subfield><subfield code="b">NA</subfield></datafield></record><record><datafield ind1=" " ind2=" " tag="876"><subfield code="p">33433068507395</subfield><subfield code="h">In Library Use</subfield><subfield code="a">.i153592163</subfield><subfield code="j">Available</subfield><subfield code="t">1</subfield><subfield code="3">v. 152 (Jan-June 2004)</subfield></datafield><datafield ind1=" " ind2=" " tag="900"><subfield code="a">Shared</subfield><subfield code="b">NA</subfield></datafield></record><record><datafield ind1=" " ind2=" " tag="876"><subfield code="p">33433068507486</subfield><subfield code="h">In Library Use</subfield><subfield code="a">.i153592175</subfield><subfield code="j">Available</subfield><subfield code="t">1</subfield><subfield code="3">v. 153 (July-Dec 2004)</subfield></datafield><datafield ind1=" " ind2=" " tag="900"><subfield code="a">Shared</subfield><subfield code="b">NA</subfield></datafield></record><record><datafield ind1=" " ind2=" " tag="876"><subfield code="p">33433073491973</subfield><subfield code="h">In Library Use</subfield><subfield code="a">.i171889630</subfield><subfield code="j">Available</subfield><subfield code="t">1</subfield><subfield code="3">v. 155, no. 1-25 (July 4-Dec. 19, 2005)</subfield></datafield><datafield ind1=" " ind2=" " tag="900"><subfield code="a">Shared</subfield><subfield code="b">NA</subfield></datafield></record></collection></content></items></holding></holdings></bibRecord>
</bibRecords>